<?xml version="1.0" encoding="UTF-8"?><record xmlns="http://www.loc.gov/MARC21/slim" xmlns:cinclude="http://apache.org/cocoon/include/1.0" xmlns:zs="http://www.loc.gov/zing/srw/">
  <leader>01229cz  a2200157n  4500</leader>
  <controlfield tag="001">nb2012014036</controlfield>
  <controlfield tag="003">DLC</controlfield>
  <controlfield tag="005">20120821075343.0</controlfield>
  <controlfield tag="008">120606n| acannaabn          |n ana      </controlfield>
  <datafield tag="010" ind1=" " ind2=" ">
    <subfield code="a">nb2012014036</subfield>
  </datafield>
  <datafield tag="035" ind1=" " ind2=" ">
    <subfield code="a">(Uk)008497657</subfield>
  </datafield>
  <datafield tag="040" ind1=" " ind2=" ">
    <subfield code="a">Uk</subfield>
    <subfield code="b">eng</subfield>
    <subfield code="c">Uk</subfield>
    <subfield code="d">DLC</subfield>
  </datafield>
  <datafield tag="111" ind1="2" ind2=" ">
    <subfield code="a">Florence Architecture Workshop</subfield>
  </datafield>
  <datafield tag="667" ind1=" " ind2=" ">
    <subfield code="a">THIS 1XX FIELD CANNOT BE USED UNDER RDA UNTIL THIS RECORD HAS BEEN REVIEWED AND/OR UPDATED</subfield>
  </datafield>
  <datafield tag="670" ind1=" " ind2=" ">
    <subfield code="a">Dentro le forme del vuoto, 2008:</subfield>
    <subfield code="b">p. facing t.p. verso (Florence Architecture Workshop) p. 176 (urban design projects produced as part of the Florence Architecture Workshop; the first workshops were held in the Santa Teresa education complex in Florence, Italy from 16-20 Apr. and 30 Apr.-4 May 2007; and the second workshop at Palazzo Cerchi (the Kent State Univ. Florence Program) in Florence from 31 Mar.-5 Apr. 2008)</subfield>
  </datafield>
  <datafield tag="670" ind1=" " ind2=" ">
    <subfield code="a">Suture(s), 2011:</subfield>
    <subfield code="b">p. facing t.p. verso (Florence Architecture Workshop) p. [7] (third and fourth editions of the Florence Architecture Workshop) p. 178 (third workshop held at the Florence study centers in Piazzale Donatello (Syracuse Univ.), Italy from 15-20 Mar. 2011; the fourth workshop was held at Palazzo Cerchi (the Kent State Univ. Florence Program) from 13-18 Sept. 2011)</subfield>
  </datafield>
</record>